/Users/avery/Dropbox/bib/My-Library.bib